

,-------------------.
|     PREAMBLE      |
`-------------------'

@preamble{ "\providecommand{\noopsort}[1]{}
           \providecommand{\singleletter}[1]{#1} "
}

,-------------------.
|  BIBTEX ENTRIES   |
`-------------------'

@article{carroll:brookings,
  author =        {Carroll, Christopher D.},
  journal =       {Brookings Papers on Economic Activity},
  note =
  {\url{http://econ.jhu.edu/people/ccarroll/BufferStockBPEA.pdf}},
  number =        {2},
  pages =         {61--156},
  title =         {The Buffer-Stock Theory of Saving: Some Macroeconomic
                   Evidence},
  volume =        {1992},
  year =          {1992},
  url =           {http://econ.jhu.edu/people/ccarroll/BufferStockBPEA.pdf},
}

@inproceedings{parker_nberma_spendthrift,
  author =        {Parker, Jonathan A.},
  booktitle =     {NBER Macroeconomics Annual 1999},
  editor =        {Bernanke, Ben S. and Rotemberg, Julio J.},
  pages =         {317--387},
  publisher =     {NBER},
  title =         {Spendthrift in America? On Two Decades of Decline in
                   the U.S. Saving Rate},
  volume =        {14},
  year =          {2000},
}

@inproceedings{dynanKohn07_indebtedness,
  author =        {Karen E. Dynan and Donald L. Kohn},
  booktitle =     {The Structure and Resilience of the Financial System},
  editor =        {Christopher Kent and Jeremy Lawson},
  pages =         {84--113},
  publisher =     {Reserve Bank of Australia},
  title =         {The Rise in {US} Household Indebtedness: Causes and
                   Consequences},
  year =          {2007},
}

@article{glLiq,
  author =        {Guerrieri, Veronica and Lorenzoni, Guido},
  journal =       {Manuscript, MIT Department of Economics},
  month =         {June},
  title =         {Credit Crises, Precautionary Savings and the
                   Liquidity Trap},
  year =          {2011},
}

@article{gkLiq,
  author =        {Eggertsson, Gauti B. and Krugman, Paul},
  journal =       {Manuscript, NBER Summer Institute},
  title =         {Debt, Deleveraging, and the Liquidity Trap: A
                   Fisher-Minsky-Koo Approach},
  year =          {2011},
}

@techreport{hall:slump,
  author =        {Hall, Robert E.},
  institution =   {{ASSA M}eetings, Denver},
  type =          {{AEA} {P}residential {A}ddress},
  title =         {The Long Slump},
  year =          {2011},
}

