

,-------------------.
|     PREAMBLE      |
`-------------------'

@preamble{ "\providecommand{\noopsort}[1]{}
           \providecommand{\singleletter}[1]{#1} "
}

,-------------------.
|  BIBTEX ENTRIES   |
`-------------------'

@article{carroll:brookings,
  author =        {Carroll, Christopher D.},
  journal =       {Brookings Papers on Economic Activity},
  note =
  {\url{http://econ.jhu.edu/people/ccarroll/BufferStockBPEA.pdf}},
  number =        {2},
  pages =         {61--156},
  title =         {The Buffer-Stock Theory of Saving: Some Macroeconomic
                   Evidence},
  volume =        {1992},
  year =          {1992},
  url =           {http://econ.jhu.edu/people/ccarroll/BufferStockBPEA.pdf},
}

@techreport{ducaEtAl10_creditArch,
  author =        {John V. Duca and John Muellbauer and Anthony Murphy},
  institution =   {University of Oxford},
  type =          {mimeo},
  title =         {Credit Market Architecture and the Boom and Bust in
                   the U.S. Consumption},
  year =          {2010},
}

