

,-------------------.
|     PREAMBLE      |
`-------------------'

@preamble{ "\providecommand{\noopsort}[1]{}
           \providecommand{\singleletter}[1]{#1} "
}

,-------------------.
|  BIBTEX ENTRIES   |
`-------------------'

@article{ctDiscrete,
  author =        {Carroll, Christopher D. and Toche, Patrick},
  journal =       {NBER Working Paper Number 15265},
  month =         {August},
  note =
  {\url{http://econ.jhu.edu/people/ccarroll/papers/ctDiscrete}},
  title =         {A Tractable Model of Buffer Stock Saving},
  year =          {2009},
  url =           {http://econ.jhu.edu/people/ccarroll/papers/ctDiscrete},
}

