

,-------------------.
|     PREAMBLE      |
`-------------------'

@preamble{ "\providecommand{\noopsort}[1]{}
           \providecommand{\singleletter}[1]{#1} "
}

,-------------------.
|  BIBTEX ENTRIES   |
`-------------------'

@techreport{abiadEtAl_FinReforms,
  author =        {Abdul Abiad and Enrica Detragiache and
                   Thierry Tressel},
  institution =   {International Monetary Fund},
  number =        {266},
  type =          {working paper},
  title =         {A New Database of Financial Reforms},
  year =          {2008},
}

